% How to cite webpage: https://tex.stackexchange.com/questions/3587/how-can-i-use-bibtex-to-cite-a-web-page

% You should lookup the entries defined in bibtex to properly format your .bib file

@MISC{medallion,
author = {Amir Khafagy},
title = {NYC Yellow Taxi Medallion Crisis, Explained},
month = nov,
year = {2021},
howpublished={\url{https://documentedny.com/2021/11/23/taxi-cab-medallion-explained/}}
}

@MISC{diff,
author = {
Kristi Hill},
title = {Whatâ€™s the Difference Between Green Cabs, Yellow Cabs & Other Taxis in NYC?},
month = jan,
year = {2022},
howpublished={\url{https://www.citysignal.com/whats-the-difference-between-green-cabs-yellow-cabs-other-taxis-in-nyc/}}
}

@MISC{uber,
author = {
The New York Times},
title = {Uber Hit With Cap as New York City Takes Lead in Crackdown},
month = aug,
year = {2018},
howpublished={\url{https://www.nytimes.com/2018/08/08/nyregion/uber-vote-city-council-cap.html}}
}

@MISC{benefit,
author = {
 Caroline Tanner},
title = {Why yellow cabs are (again) your best bet in New York City},
month = nov,
year = {2021},
howpublished={\url{https://thepointsguy.com/news/uber-lyft-shortage-taxi/}}
}


@MISC{fortune,
author = {
 Alissa Walker},
title = {Why Your Uber Ride Is Suddenly Costing a Fortune},
month = Jun,
year = {2021},
howpublished={\url{https://www.curbed.com/2021/06/uber-lyft-expensive-new-york-city.html}}
}

@MISC{hit,
author = {
Bloomberg},
title = {N.Y. Hits Record Cases; U.S. Infections Double: Virus Update},
month = jan,
year = {2022},
howpublished={\url{https://www.bloomberg.com/news/articles/2022-01-07/citi-to-fire-unvaccinated-n-y-sets-booster-plan-virus-update}}
}

 @misc{mutual,
    author = "{Wikipedia contributors}",
    title = "Mutual information --- {Wikipedia}{,} The Free Encyclopedia",
    year = "2022",
    howpublished = "\url{https://en.wikipedia.org/w/index.php?title=Mutual_information&oldid=1102789521}",
    note = "[Online; accessed 21-August-2022]"
  }


@article{scikit-learn,
 title={Scikit-learn: Machine Learning in {P}ython},
 author={Pedregosa, F. and Varoquaux, G. and Gramfort, A. and Michel, V.
         and Thirion, B. and Grisel, O. and Blondel, M. and Prettenhofer, P.
         and Weiss, R. and Dubourg, V. and Vanderplas, J. and Passos, A. and
         Cournapeau, D. and Brucher, M. and Perrot, M. and Duchesnay, E.},
 journal={Journal of Machine Learning Research},
 volume={12},
 pages={2825--2830},
 year={2011}
}